1795 3208
53 773 197 846 Annis
226 801 443 848 duodecim,
474 813 572 852 quae
591 801 675 852 jam
700 799 978 851 praeterlapsa
1001 807 1105 848 sunt,
1131 814 1179 840 ex
1205 813 1279 853 quo
1305 800 1485 839 volumen

53 892 221 943 primum
246 890 361 941 hujus
385 889 514 941 operis
537 890 576 928 in
601 889 725 928 lucem
750 889 867 937 edidi,
892 894 931 929 et
956 866 1097 929 Musea
1112 889 1310 941 Europae,
1326 888 1487 929 insectis

53 979 229 1020 collectis
259 978 469 1025 ditissima,
499 978 583 1030 ipse
608 983 879 1029 percrustatus
904 991 990 1017 sum
1020 984 1059 1018 et
1082 978 1335 1030 Entomologi
1364 990 1489 1017 novas

53 1070 203 1108 formas
232 1080 375 1120 easque
404 1067 596 1119 plurimas
621 1066 717 1106 mihi
741 1066 977 1106 amicissime
1002 1067 1402 1114 communicaverunt,
1432 1066 1492 1105 ita

55 1163 100 1197 ut
128 1169 331 1196 numerum
359 1156 467 1196 haud
494 1169 675 1208 parvum,
701 1156 851 1207 species
876 1156 1025 1196 scilicet
1048 1152 1140 1204 372,
1165 1156 1204 1195 in
1227 1155 1491 1196 voluminibus

56 1245 183 1286 tribus
214 1246 294 1296 jam
324 1244 538 1296 divulgatis
567 1257 644 1283 non
668 1245 883 1284 recensitas
908 1244 1127 1284 describere
1150 1257 1320 1296 possem.
1351 1245 1491 1296 Itaque

58 1335 347 1386 suplementum
377 1333 604 1384 conscripsi,
629 1338 684 1379 ut,
715 1338 904 1385 quantum
928 1333 967 1372 in
993 1346 1055 1373 me
1079 1334 1152 1373 fuit
1178 1333 1364 1373 absoluta
1388 1320 1493 1372 esset

59 1423 157 1462 haec
186 1422 482 1462 Cassididarum
514 1421 693 1462 historia.

191 1510 364 1562 Species,
401 1523 500 1562 quas
529 1510 726 1562 hucusque
754 1510 839 1562 ipse
870 1511 1095 1550 examinavi
1128 1509 1230 1551 1663
1260 1517 1364 1559 sunt,
1396 1524 1495 1563 qua—

60 1599 200 1651 druplo
223 1599 343 1651 igitur
366 1599 499 1650 plures
524 1612 638 1651 quam
665 1612 762 1650 quas
785 1599 823 1638 in
851 1598 1042 1652 Catalogo
1067 1613 1150 1648 suo,
1176 1600 1345 1640 editione
1367 1599 1496 1639 altera

62 1688 155 1727 anni
185 1686 289 1726 1833
318 1687 564 1726 enumeravit
591 1687 839 1727 DEJEANUS.
891 1687 1065 1728 Restant
1094 1689 1221 1729 adhuc
1250 1689 1400 1741 species
1430 1688 1496 1734 50,

63 1777 113 1816 ab
157 1774 383 1816 auctoribus
426 1774 624 1815 veteribus
662 1775 951 1824 denominatae,
990 1791 1087 1829 quas
1125 1779 1176 1817 ad
1213 1779 1362 1818 formas
1400 1777 1496 1816 mihi

63 1869 168 1904 certe
197 1863 375 1915 cognitas
404 1875 481 1902 non
511 1863 593 1902 sine
624 1863 740 1902 dubio
769 1865 908 1904 referri
938 1866 1059 1916 potui.

196 1952 255 1991 Ut
293 1951 518 1992 distributio
556 1952 819 2004 geographica
851 1953 1175 1994 animalculorum
1206 1968 1231 1995 a
1259 1967 1320 1994 me
1350 1955 1498 1994 descri-

66 2045 223 2092 ptorum
260 2040 398 2080 melius
436 2040 619 2087 diluceat,
657 2040 721 2080 hic
750 2041 936 2082 nonnulla
965 2042 1012 2082 de
1051 2043 1125 2082 hac
1154 2057 1195 2083 re
1225 2044 1364 2083 afferre
1394 2043 1497 2090 volo,

67 2127 301 2180 praesertim
340 2141 456 2180 quum
495 2129 545 2167 ad
583 2129 732 2180 species
769 2130 844 2170 rite
882 2133 1184 2183 cognoscendas,
1222 2133 1329 2172 haud
1358 2145 1498 2184 parum

69 2217 204 2257 valeat
240 2229 469 2268 cognoscere
501 2229 635 2256 earum
664 2230 735 2269 per
763 2219 939 2271 regiones
969 2221 1103 2260 varias
1133 2221 1286 2261 variam
1316 2222 1499 2274 frequen-

68 2306 180 2345 tiam.
236 2305 432 2344 Numerus
468 2311 601 2344 tamen
639 2307 854 2357 specierum
892 2308 931 2348 in
964 2309 1102 2361 quavis
1130 2310 1285 2362 regione
1315 2310 1500 2361 proveni-

72 2393 219 2433 entium
249 2406 350 2432 nunc
377 2393 568 2444 temporis
598 2395 774 2446 cognitus
804 2397 914 2436 brevi
942 2403 1080 2438 auctus
1107 2398 1181 2438 erit
1205 2399 1498 2439 collectionibus

74 2496 98 2522 a
139 2481 497 2534 peregrinatoribus
540 2482 719 2533 plurimis
761 2490 801 2524 et
842 2485 1048 2526 indefessis
1092 2488 1143 2526 ad
1186 2500 1321 2528 musea
1363 2493 1500 2527 nostra

74 2570 283 2624 quotannis
312 2571 535 2622 apportatis
544 2584 555 2619 3
584 2577 739 2612 restant
767 2579 973 2623 praeterea
995 2581 1125 2615 terrae
1149 2581 1214 2615 sat
1236 2577 1385 2616 multae
1409 2590 1501 2616 eae-

77 2672 150 2712 que
186 2658 451 2706 vastissimae,
488 2672 508 2698 e
541 2660 680 2712 quibus
713 2661 986 2702 additamenta
1013 2663 1119 2703 haud
1147 2666 1369 2716 spernenda
1397 2671 1500 2705 certe

78 2748 204 2787 adhuc
241 2747 526 2796 desiderantur,
568 2747 707 2800 quibus
750 2750 917 2802 cognitio
955 2758 1092 2792 nostra
1128 2753 1175 2792 de
1211 2754 1354 2794 Fauna
1389 2759 1502 2793 ento-

66 2835 270 2888 ‘mologica
298 2835 453 2875 exotica
481 2836 586 2875 haud
615 2850 753 2888 parum
785 2839 918 2890 augeri
947 2839 1073 2880 debet.
