1795 3208
609 215 917 253 CHELYMORPHA.
1348 222 1365 256 1
1374 221 1424 258 95

47 317 211 369 nigrum,
242 317 421 365 nitidum,
452 317 573 357 laeve.
615 316 759 368 Elytra
783 305 863 356 fere
885 322 930 356 ut
954 316 990 356 in
1023 315 1128 356 Che-Z.
1145 321 1374 373 pubescente
1397 324 1479 362 for-

46 388 157 423 mata
193 390 232 423 et
268 389 473 434 punc-tata,
513 383 629 435 gibbo
666 388 800 421 tamen
831 383 960 422 antico
990 384 1193 433 validiore,
1224 389 1478 438 evidentiore,

46 451 206 498 obt-uso3
236 451 535 495 rufo-testacea,
560 449 794 496 sub—nitida,
818 450 919 500 pube
944 449 1098 489 cinerea
1122 457 1186 490 sat
1203 454 1319 494 dense
1337 457 1479 505 obsita,

44 529 145 567 pone
175 517 380 556 scutellum
412 516 566 555 macula
595 522 659 554 sat
687 528 843 567 magna,
877 517 1046 555 rotunda
1075 523 1114 556 et
1142 518 1179 556 in
1212 520 1362 572 singulo
1393 535 1480 562 ma-

45 583 141 621 culis
178 588 329 634 septem
367 582 513 634 parvis,
551 582 743 628 rotundis,
782 582 915 634 nigris,
954 595 1093 634 nempe
1123 585 1253 635 prima
1281 587 1320 625 in
1351 589 1478 628 medio

44 649 141 688 disci
179 662 298 700 prope
337 649 462 696 basin,
500 649 670 687 secunda
706 648 745 687 in
786 649 887 687 callo
924 650 1252 700 suprahumerali,
1290 654 1411 693 tertia
1440 661 1479 695 et

44 722 188 768 quarta
224 716 263 754 in
302 715 419 762 disco,
459 715 532 753 hac
567 714 670 753 inter
706 715 820 754 basin
859 721 898 754 et
936 716 1120 764 medium,
1159 718 1229 758 illa
1266 719 1306 758 in
1336 721 1477 769 medio,

44 782 182 834 quinta
210 789 249 821 et
278 788 392 821 sexta
420 781 459 819 in
490 781 594 829 disco
620 781 826 829 exteriore,
857 781 931 821 hac
956 788 1047 822 ante
1072 784 1255 832 medium,
1282 786 1352 825 illa
1375 787 1479 827 inter

44 849 214 887 medium
257 853 296 887 et
338 847 501 898 apicem,
546 847 717 898 septima
758 848 795 886 in
841 849 1015 900 margine
1058 849 1216 890 laterali
1254 864 1346 892 mox
1386 861 1477 894 ante

43 915 232 962 medinm3
272 914 446 965 margine
486 914 634 952 modice
673 915 901 965 explanato,
936 916 1096 954 deflexo.
1156 917 1307 970 Corpus
1339 921 1477 960 subtus

43 981 208 1032 nigrum,
251 980 449 1019 subtiliter
493 981 777 1031 punctulatum.
835 981 1045 1021 Abdomen
1088 984 1269 1037 utrinque
1314 987 1413 1025 serie
1457 1001 1476 1026 e

43 1047 204 1086 maculis
228 1047 512 1086 rufescentibus
537 1052 730 1086 ornatum.
769 1048 896 1087 Pedes
920 1050 1206 1098 rufo-testacei,
1232 1053 1476 1093 sub-remote

41 1113 274 1164 punctulati,
313 1126 430 1164 parce
466 1113 724 1165 pubescentes
736 1127 746 1162 3
787 1110 999 1154 femoribus
1037 1116 1143 1156 ultra
1171 1119 1342 1158 medium
1371 1120 1476 1159 infu-

42 1180 173 1219 scatis.

41 1279 100 1318 *4.
125 1278 338 1332 pubescens
367 1277 637 1333 (CHEVROL.)
670 1287 756 1318 BHN.
789 1288 875 1319 Mon.
907 1288 1022 1319 cassia.
1055 1288 1097 1319 11.
1124 1299 1142 1330 p
1177 1283 1206 1320 5'.
1230 1289 1260 1320 2.
1286 1308 1327 1311 --
1353 1291 1419 1323 eat.
1445 1293 1480 1323 of

476 1342 612 1383 Coleopt.
637 1342 699 1372 Ins.
726 1340 780 1372 IX.
806 1352 833 1382 p.
860 1341 908 1373 73.
936 1340 965 1374 3.

120 1389 279 1429 Patria:
309 1390 476 1429 Mexico.

61 1489 96 1527 5.
125 1488 290 1527 sericea.-
327 1489 554 1537 rotundata,
594 1502 783 1537 convexa,
821 1491 1122 1540 rufo-testacea,
1153 1503 1270 1544 parce
1301 1494 1474 1535 cinereo-

105 1555 321 1607 pubescens
332 1569 342 1604 3
387 1557 568 1596 antennis
611 1562 833 1596 extrorsum
877 1567 1113 1611 corporeque
1157 1560 1296 1600 subtus
1340 1562 1473 1614 nigris,

105 1622 312 1661 abdomine
351 1629 464 1662 extus
507 1623 951 1675 testaceo—marginat03
994 1625 1229 1675 prothorace
1267 1629 1473 1668 confertim

105 1694 308 1739 punctato,
338 1689 464 1728 medio
495 1690 658 1729 maculis
688 1690 852 1738 duabus,
881 1692 1140 1731 transversim
1164 1693 1303 1743 positis
1328 1696 1474 1735 scutel-

105 1755 218 1806 loque
256 1755 394 1806 nigris3
436 1756 573 1808 elytris
611 1756 751 1795 leviter
789 1756 975 1808 gibbosis,
1008 1758 1177 1806 fortiter,
1208 1761 1342 1800 crebre
1371 1775 1472 1813 pun-

103 1821 235 1868 ctatis,
265 1821 416 1873 singulo
446 1822 485 1861 in
511 1823 616 1861 disco
640 1822 803 1862 maculis
827 1823 978 1863 duabus
1004 1825 1152 1875 parvis,
1177 1825 1298 1877 nigris
1321 1834 1470 1868 notato.

105 1911 156 1916 —
184 1888 307 1940 Long.
337 1888 375 1935 8,
406 1888 474 1928 lat.
505 1885 530 1928 7
560 1889 711 1928 millim.

111 1963 201 2003 Var.
232 1979 268 2003 α.
299 1965 436 2017 elytris
465 1965 743 2006 immaculatis.

104 2031 263 2070 Patria:
292 2032 446 2071 Mexico
478 2030 762 2085 (Gnatimala).
819 2034 920 2072 Mus.
951 2028 1066 2073 1’)οι]].ν
1097 2035 1234 2074 BALY.

174 2106 344 2161 Clzelym.
371 2108 592 2162 pubescenti
619 2116 723 2150 cert-e
753 2110 895 2158 affinis,
929 2110 1086 2162 parcius
1115 2112 1346 2162 pubescens,
1376 2128 1470 2165 pro-

36 2174 196 2213 thorace
234 2180 388 2214 tantum
427 2175 800 2227 nigro-bimaculato
839 2185 882 2216 ut
919 2183 958 2216 et
991 2178 1203 2229 signaturis
1235 2180 1354 2231 nigris
1385 2182 1470 2233 ely-

35 2246 185 2279 trorum
225 2240 472 2291 paucioribus
511 2243 560 2281 ab
597 2243 667 2282 illa
703 2243 901 2283 distincta.
960 2243 1091 2295 Caput
1126 2246 1467 2296 rufo-testaceum,

37 2307 312 2354 sub—nitidum,
338 2313 582 2358 punctatum,
608 2317 723 2360 parce
748 2310 1153 2361 cinereo-pubescens,
1174 2313 1323 2363 postice
1340 2315 1466 2354 medio

37 2373 354 2413 canaliculatum.
411 2373 523 2413 Oculi
566 2376 693 2423 ovati,
739 2376 886 2415 modice
930 2377 1113 2424 convexi,
1158 2378 1466 2429 nigro-brunnei.

36 2440 247 2479 Antennae
270 2440 356 2479 basi
380 2442 702 2489 rufo-testaceae,
729 2442 904 2482 articulis
929 2456 999 2482 sex
1021 2443 1169 2483 ultimis
1193 2436 1326 2496 nigris,
1343 2447 1467 2497 pube-

37 2506 246 2545 scentibus.
277 2507 503 2546 Prothorax
526 2508 766 2560 longitudine
793 2508 910 2559 duplo
936 2509 1064 2557 latior,
1091 2510 1200 2560 apice
1217 2510 1308 2560 late,
1327 2512 1467 2554 leviter

36 2573 551 2624 rotundato—emarginatus,
589 2580 810 2615 extrorsum
843 2575 1012 2614 tenuiter
1040 2576 1464 2630 reflexoamarginatuffl

38 2639 227 2678 lateribus
266 2639 371 2678 ultra
410 2640 576 2680 medium
615 2642 768 2694 oblique
798 2641 1012 2692 ampliatis,
1043 2642 1130 2681 dein
1160 2654 1298 2694 parum
1328 2651 1465 2685 rotun-

39 2705 162 2753 datis;
202 2706 350 2757 postice
387 2700 566 2759 utrinque
603 2708 741 2748 leviter
777 2707 1032 2755 lai-sinuatus,
1064 2708 1152 2747 lobo
1182 2711 1307 2750 medio
1337 2712 1464 2751 trian-

39 2771 224 2822 gulariter
262 2773 462 2823 producto,
501 2773 610 2825 apice
639 2775 863 2821 rotundato,
894 2774 1045 2826 angulis
1074 2780 1286 2816 retrorsum
1315 2778 1464 2828 promi-

39 2837 153 2884 nulis,
178 2839 323 2887 acutis;
353 2852 518 2890 superne
541 2841 744 2880 confertim
772 2841 1200 2893 rugosoapunctulatus,
1224 2844 1461 2884 rufo-testa-
