1831 3203
355 217 391 241 [v

426 307 470 347 Si
515 306 747 346 Cassididae
790 306 828 344 in
874 306 967 345 orbe
1012 312 1142 346 vetere
1187 309 1462 359 provenientes
1501 323 1586 351 cum
1626 312 1733 352 orbis

297 397 385 436 novi
416 395 607 447 indigenis
637 400 931 446 comparantur,
963 395 1211 447 perspicuum
1248 409 1340 436 mox
1364 398 1451 447 erit,
1474 399 1548 439 has
1572 413 1733 440 numero

295 485 513 537 specierum
556 484 634 523 illis
677 483 793 523 valde
832 496 918 523 esse
955 485 1188 536 superiores.
1245 487 1291 525 In
1330 487 1424 526 orbe
1460 487 1563 527 enim
1602 494 1735 528 vetere
1773 472 1778 474 ,

294 573 374 613 453
411 579 574 613 exstant
611 572 775 624 species,
804 572 844 611 in
874 585 976 612 novo
1006 578 1139 613 autem
1173 574 1288 614 1235.
1345 577 1392 615 ln
1421 580 1588 635 utraque
1617 590 1735 629 prae-

295 668 407 701 terea
443 661 554 701 vario
592 661 706 701 modo
745 661 962 701 ditributae
999 667 1104 710 sunt,
1142 662 1180 702 in
1219 663 1383 716 Europa
1419 678 1560 716 nempe
1594 664 1661 714 49,
1695 666 1734 706 in

297 750 400 790 Asia
432 749 521 798 185,
551 750 591 789 in
620 750 762 790 Africa
791 748 883 797 219,
914 749 953 789 in
982 749 1195 792 Australia
1216 750 1281 801 36,
1309 753 1350 792 in
1371 753 1561 807 Amerina
1583 754 1736 794 boreali

297 841 375 879 203
405 845 445 880 et
474 840 512 879 in
543 839 731 879 America
760 838 1008 879 meridionali
1037 837 1129 880 996.

429 941 474 979 In
513 940 738 993 regionibus
774 940 960 992 Europae
999 941 1376 992 septentrionalibus
1412 937 1461 982 17
1490 942 1641 994 speeies
1671 955 1738 983 oc-

296 1036 470 1077 currunt,
501 1042 601 1081 quae
631 1041 766 1068 omnes
796 1029 935 1069 ceteris
965 1030 1146 1081 adjectis,
1176 1030 1216 1069 in
1245 1035 1360 1082 parte
1391 1031 1522 1071 media
1551 1030 1591 1071 et,
1617 1031 1738 1071 meri-

297 1119 446 1158 dionali
488 1118 604 1169 hujus
648 1118 884 1158 continentis
928 1118 1048 1158 etiam
1086 1119 1241 1171 vigent3
1281 1119 1449 1172 quinque
1485 1120 1738 1172 Lapponiam

298 1221 450 1260 quoque
479 1207 719 1247 inhabitant.

430 1307 587 1355 Asiam,
618 1308 651 1347 si
679 1307 926 1358 respicimus,
957 1307 1107 1359 species
1136 1308 1257 1347 etiam
1286 1308 1351 1348 hio
1375 1307 1577 1348 meridiem
1600 1321 1738 1348 versus

298 1397 582 1449 frequentiores
626 1402 844 1436 occurrunt.
902 1396 937 1435 E
981 1396 1131 1436 Sibiria
1169 1395 1253 1447 jam
1297 1397 1322 1435 3
1359 1396 1539 1449 cognitae
1577 1401 1681 1445 sunt,
1718 1410 1739 1436 e

299 1487 433 1525 Turan
466 1486 502 1533 1,
532 1498 552 1524 e
574 1485 782 1525 Palestina
808 1485 843 1533 1,
869 1498 888 1524 e
912 1484 1066 1524 Dauria
1089 1486 1127 1533 2,
1152 1497 1201 1523 ex
1222 1483 1417 1524 Armenia
1443 1485 1478 1534 1,
1500 1497 1520 1524 e
1544 1484 1685 1525 Persia
1702 1485 1739 1532 1,

301 1589 320 1615 e
350 1575 495 1614 Thibet
528 1575 563 1622 l,
594 1587 614 1613 e
643 1574 845 1626 Mongolia
874 1575 912 1622 2,
951 1587 971 1613 e
1005 1573 1133 1613 China
1158 1569 1220 1621 17,
1251 1586 1301 1613 ex
1325 1572 1442 1612 India
1463 1573 1648 1613 orientali
1671 1569 1738 1621 75,

301 1678 321 1703 e
351 1663 500 1717 Ceylon
532 1664 595 1711 13,
635 1677 654 1702 e
692 1663 792 1703 Pulo
825 1662 981 1714 Pinang
1009 1663 1047 1710 2,
1077 1675 1098 1702 e
1128 1662 1320 1702 Sumatra
1351 1662 1386 1708 1,
1416 1674 1436 1700 e
1464 1662 1619 1702 Borneo
1649 1661 1688 1710 5,
1718 1675 1739 1702 e

302 1754 408 1794 Java
437 1753 502 1800 35,
533 1765 553 1791 e
583 1751 746 1792 Celebes
769 1751 807 1798 3,
836 1764 885 1790 ex
909 1751 1112 1791 Amboina
1134 1752 1172 1798 3,
1196 1763 1216 1789 e
1242 1750 1462 1790 Batschian
1490 1750 1508 1788 l
1536 1756 1576 1790 et
1600 1763 1650 1790 ex
1672 1751 1740 1789 In-

242 1860 247 1865 ·
302 1842 398 1882 sulis
427 1840 792 1892 Philippinensibus
825 1837 885 1879 16.

434 1940 531 1980 Pari
559 1940 675 1979 modo
703 1939 743 1978 in
773 1938 914 1978 Africa
944 1937 1182 1977 distributae
1211 1942 1303 1977 sunt
1332 1936 1576 1978 Cassididae.
1629 1912 1740 1982 Quas

304 2045 354 2072 ex
382 2031 458 2071 hac
485 2035 594 2070 terra
622 2027 717 2076 vidi,
747 2028 906 2066 fuerunt
935 2039 955 2066 e
984 2025 1107 2066 Tunis
1137 2026 1175 2073 2,
1205 2038 1226 2065 e
1253 2026 1438 2066 Maroneo
1465 2026 1500 2074 1,
1531 2039 1580 2067 ex
1603 2026 1741 2079 Abys-

305 2120 408 2160 sinia
443 2119 482 2166 2,
521 2131 540 2157 e
577 2115 713 2157 Nubia
749 2117 787 2164 2,
822 2129 842 2154 e
880 2113 1037 2154 Guinea
1077 2113 1139 2161 15,
1173 2126 1193 2153 e
1223 2113 1309 2165 Cap
1338 2114 1502 2154 Palmas
1530 2115 1569 2163 2,
1598 2127 1618 2154 e
1647 2114 1741 2155 Bis-

307 2221 423 2261 sagos
454 2208 490 2254 1,
527 2219 547 2245 e
584 2205 721 2246 Sierra
756 2204 894 2244 Leona
932 2203 995 2251 14,
1033 2215 1054 2242 e
1085 2201 1313 2254 Senegallia
1349 2204 1414 2252 23,
1451 2216 1472 2243 e
1501 2202 1646 2243 Gabon
1678 2204 1740 2252 13,

308 2312 329 2338 e
358 2297 533 2338 Calabar
561 2294 626 2343 24,
664 2307 684 2333 e
721 2292 922 2345 Benguela
960 2293 994 2339 l,
1031 2305 1051 2331 e
1080 2291 1284 2331 vicinitate
1314 2291 1422 2332 lacus
1450 2291 1623 2332 N'Gami
1651 2292 1691 2340 4,
1721 2306 1741 2331 e

231 2399 234 2405 ’
310 2385 452 2438 Capite
488 2385 623 2424 Bonae
653 2381 748 2434 Spei
783 2380 848 2430 39,
884 2394 904 2420 e
933 2380 1130 2420 Caffraria
1158 2380 1223 2427 34,
1253 2393 1273 2419 e
1303 2381 1567 2432 Madagascar
1595 2380 1662 2430 38,
1691 2395 1740 2421 ex

309 2475 439 2515 insula
473 2474 659 2525 Mayotta
694 2472 733 2519 2,
771 2483 820 2510 ex
859 2469 987 2509 insula
1023 2469 1293 2520 Anjonamma
1324 2469 1341 2506 1
1375 2474 1415 2508 et
1444 2481 1492 2508 ex
1521 2469 1651 2509 insula
1679 2469 1742 2510 Szt

311 2562 523 2603 Mauritius
554 2561 589 2600 l.

444 2662 570 2701 Terra
605 2666 645 2700 et
681 2659 831 2699 insulae
869 2657 1100 2698 Ausa-aliae
1132 2655 1193 2694 his
1222 2656 1468 2696 animalculis
1497 2669 1574 2696 non
1603 2662 1741 2698 scatet.

314 2750 534 2792 Ilollandia
569 2762 673 2788 nova
709 2747 760 2787 36
799 2747 948 2799 species
985 2744 1069 2791 alit,
1112 2743 1267 2784 Guinea
1305 2757 1409 2783 nova
1443 2743 1482 2790 9,
1527 2744 1743 2785 Caledonia

317 2853 419 2879 nova.
442 2840 481 2886 2,
503 2837 718 2877 Woodlark
743 2837 782 2883 2,
806 2834 954 2874 insulae
979 2833 1098 2872 maris
1124 2832 1273 2883 pacifici
1297 2833 1322 2870 2
1337 2838 1376 2871 et
1392 2845 1496 2871 nova
1510 2832 1691 2873 Walesia
1710 2834 1740 2873 1,
